################################################
Intro

@techreport{DFT_fig,
  author = {Department For Transport},
  title = {Table RAS30001: Reported road casualties by road user type and severity, Great Britain, 2016},
  institution = {Dft},
  year = {2016},
  type = {Report}
}

@techreport{DFT_fig2,
  author = {Department For Transport},
  title = {RAS50001: Contributory factors in reported accidents by severity, Great Britain, 2016},
  institution = {Dft},
  year = {2016},
  type = {Report}
}

@techreport{DFT_fig3,
  author = {Department For Transport},
  title = {Focus on Cycling in â€˜Reported Road Casualties Great Britain 2013},
  institution = {Dft},
  year = {2013},
  type = {Report}
}

############################################################
Deep Learning Prelims 

@InProceedings{Szegedy_2016_CVPR,
author = {Szegedy, Christian and Vanhoucke, Vincent and Ioffe, Sergey and Shlens, Jon and Wojna, Zbigniew},
title = {Rethinking the Inception Architecture for Computer Vision},
booktitle = {The IEEE Conference on Computer Vision and Pattern Recognition (CVPR)},
month = {June},
year = {2016}
}

@article{ILSVRC15,
Author = {Olga Russakovsky et al.and Jia Deng and Hao Su and Jonathan Krause and Sanjeev Satheesh and Sean Ma and Zhiheng Huang and Andrej Karpathy and Aditya Khosla and Michael Bernstein and Alexander C. Berg and Li Fei-Fei},
Title = {{ImageNet Large Scale Visual Recognition Challenge}},
Year = {2015},
journal   = {International Journal of Computer Vision (IJCV)},
doi = {10.1007/s11263-015-0816-y},
volume={115},
number={3},
pages={211-252}
}


@article{DBLP:journals/corr/abs-1710-09829,
  author    = {Sara Sabour and
               Nicholas Frosst and
               Geoffrey E. Hinton},
  title     = {Dynamic Routing Between Capsules},
  journal   = {CoRR},
  volume    = {abs/1710.09829},
  year      = {2017},
  url       = {http://arxiv.org/abs/1710.09829},
  archivePrefix = {arXiv},
  eprint    = {1710.09829},
  timestamp = {Thu, 02 Nov 2017 14:25:36 +0100},
  biburl    = {https://dblp.org/rec/bib/journals/corr/abs-1710-09829},
  bibsource = {dblp computer science bibliography, https://dblp.org}
}

@article{GH_CNN,
author = {Krizhevsky, Alex and Sutskever, Ilya and E. Hinton, Geoffrey},
year = {2012},
month = {01},
pages = {},
title = {ImageNet Classification with Deep Convolutional Neural Networks},
volume = {25},
booktitle = {Neural Information Processing Systems}
}

@online{StanfordCS231_1,
  author = {Andrej Karpathy},
  title = {Networks},
  year = {2017},
  url = {http://cs231n.github.io/convolutional-networks/},
  urldate = {2018-05-30}
}


@online{StanfordCS231_conv_filter,
  author = {Andrej Karpathy},
  title = {Networks},
  year = {2017},
  url = {http://cs231n.github.io/assets/cnn/depthcol.jpeg},
  urldate = {2018-05-30}
}

@online{StanfordCS231_max_pool,
  author = {Andrej Karpathy},
  title = {Networks},
  year = {2017},
  url = {http://cs231n.github.io/assets/cnn/maxpool.jpeg},
  urldate = {2018-05-30}
}

###################################################
Image Segmentation

@article{DBLP:journals/corr/RedmonDGF15,
  author    = {Joseph Redmon and
               Santosh Kumar Divvala and
               Ross B. Girshick and
               Ali Farhadi},
  title     = {You Only Look Once: Unified, Real-Time Object Detection},
  journal   = {CoRR},
  volume    = {abs/1506.02640},
  year      = {2015},
  url       = {http://arxiv.org/abs/1506.02640},
  archivePrefix = {arXiv},
  eprint    = {1506.02640},
  timestamp = {Wed, 07 Jun 2017 14:40:10 +0200},
  biburl    = {https://dblp.org/rec/bib/journals/corr/RedmonDGF15},
  bibsource = {dblp computer science bibliography, https://dblp.org}
}

###########################################################
R-CNN

@article{DBLP:journals/corr/GirshickDDM13,
  author    = {Ross B. Girshick and
               Jeff Donahue and
               Trevor Darrell and
               Jitendra Malik},
  title     = {Rich feature hierarchies for accurate object detection and semantic
               segmentation},
  journal   = {CoRR},
  volume    = {abs/1311.2524},
  year      = {2013},
  url       = {http://arxiv.org/abs/1311.2524},
  archivePrefix = {arXiv},
  eprint    = {1311.2524},
  timestamp = {Wed, 07 Jun 2017 14:43:00 +0200},
  biburl    = {https://dblp.org/rec/bib/journals/corr/GirshickDDM13},
  bibsource = {dblp computer science bibliography, https://dblp.org}
}

@Article{Uijlings2013,
author={"Uijlings, J. R. R.
and van de Sande, K. E. A.
and Gevers, T.
and Smeulders, A. W. M."},
title={"Selective Search for Object Recognition"},
journal={"International Journal of Computer Vision"},
year={"2013"}
}

@Article{Felzenszwalb2004,
author={"Felzenszwalb, Pedro F.
and Huttenlocher, Daniel P."},
title={"Efficient Graph-Based Image Segmentation"},
journal={"International Journal of Computer Vision"},
year={"2004"}
}

@article{DBLP:journals/corr/Girshick15,
  author    = {Ross B. Girshick},
  title     = {Fast {R-CNN}},
  journal   = {CoRR},
  volume    = {abs/1504.08083},
  year      = {2015},
  url       = {http://arxiv.org/abs/1504.08083},
  archivePrefix = {arXiv},
  eprint    = {1504.08083},
  timestamp = {Wed, 07 Jun 2017 14:40:36 +0200},
  biburl    = {https://dblp.org/rec/bib/journals/corr/Girshick15},
  bibsource = {dblp computer science bibliography, https://dblp.org}
}

@article{DBLP:journals/corr/HeZR014,
  author    = {Kaiming He and
               Xiangyu Zhang and
               Shaoqing Ren and
               Jian Sun},
  title     = {Spatial Pyramid Pooling in Deep Convolutional Networks for Visual
               Recognition},
  journal   = {CoRR},
  volume    = {abs/1406.4729},
  year      = {2014},
  url       = {http://arxiv.org/abs/1406.4729},
  archivePrefix = {arXiv},
  eprint    = {1406.4729},
  timestamp = {Wed, 07 Jun 2017 14:41:13 +0200},
  biburl    = {https://dblp.org/rec/bib/journals/corr/HeZR014},
  bibsource = {dblp computer science bibliography, https://dblp.org}
}

@article{DBLP:journals/corr/RenHG015,
  author    = {Shaoqing Ren and
               Kaiming He and
               Ross B. Girshick and
               Jian Sun},
  title     = {Faster R-CNN: Towards Real-Time Object Detection with Region Proposal
               Networks},
  journal   = {CoRR},
  volume    = {abs/1506.01497},
  year      = {2015},
  url       = {http://arxiv.org/abs/1506.01497},
  archivePrefix = {arXiv},
  eprint    = {1506.01497},
  timestamp = {Wed, 07 Jun 2017 14:42:40 +0200},
  biburl    = {https://dblp.org/rec/bib/journals/corr/RenHG015},
  bibsource = {dblp computer science bibliography, https://dblp.org}
}
####################################################################
Image Segmentation

@article{DBLP:journals/corr/LongSD14,
  author    = {Jonathan Long and
               Evan Shelhamer and
               Trevor Darrell},
  title     = {Fully Convolutional Networks for Semantic Segmentation},
  journal   = {CoRR},
  volume    = {abs/1411.4038},
  year      = {2014},
  url       = {http://arxiv.org/abs/1411.4038},
  archivePrefix = {arXiv},
  eprint    = {1411.4038},
  timestamp = {Wed, 07 Jun 2017 14:42:28 +0200},
  biburl    = {https://dblp.org/rec/bib/journals/corr/LongSD14},
  bibsource = {dblp computer science bibliography, https://dblp.org}
}
@article{DBLP:journals/corr/CordtsORREBFRS16,
  author    = {Marius Cordts and
               Mohamed Omran and
               Sebastian Ramos and
               Timo Rehfeld and
               Markus Enzweiler and
               Rodrigo Benenson and
               Uwe Franke and
               Stefan Roth and
               Bernt Schiele},
  title     = {The Cityscapes Dataset for Semantic Urban Scene Understanding},
  journal   = {CoRR},
  volume    = {abs/1604.01685},
  year      = {2016},
  url       = {http://arxiv.org/abs/1604.01685},
  archivePrefix = {arXiv},
  eprint    = {1604.01685},
  timestamp = {Thu, 14 Dec 2017 17:11:48 +0100},
  biburl    = {https://dblp.org/rec/bib/journals/corr/CordtsORREBFRS16},
  bibsource = {dblp computer science bibliography, https://dblp.org}
}

@inproceedings{Wan:2013:RNN:3042817.3043055,
 author = {Wan, Li and Zeiler, Matthew and Zhang, Sixin and LeCun, Yann and Fergus, Rob},
 title = {Regularization of Neural Networks Using Dropconnect},
 booktitle = {Proceedings of the 30th International Conference on International Conference on Machine Learning - Volume 28},
 series = {ICML'13},
 year = {2013},
 location = {Atlanta, GA, USA},
 pages = {III-1058--III-1066},
 url = {http://dl.acm.org/citation.cfm?id=3042817.3043055},
 acmid = {3043055},
 publisher = {JMLR.org}
} 

@article{JMLR:v15:srivastava14a,
  author  = {Nitish Srivastava and Geoffrey Hinton and Alex Krizhevsky and Ilya Sutskever and Ruslan Salakhutdinov},
  title   = {Dropout: A Simple Way to Prevent Neural Networks from Overfitting},
  journal = {Journal of Machine Learning Research},
  year    = {2014},
  volume  = {15},
  pages   = {1929-1958},
  url     = {http://jmlr.org/papers/v15/srivastava14a.html}
}

@book{Bishop:2006:PRM:1162264,
 author = {Bishop, Christopher M.},
 title = {Pattern Recognition and Machine Learning (Information Science and Statistics)},
 year = {2006},
 isbn = {0387310738},
 publisher = {Springer-Verlag},
 address = {Berlin, Heidelberg}
} 

#################################################################
Instance Segmentation


@article{DBLP:journals/corr/HeGDG17,
  author    = {Kaiming He and
               Georgia Gkioxari and
               Piotr Doll{\'{a}}r and
               Ross B. Girshick},
  title     = {Mask {R-CNN}},
  journal   = {CoRR},
  volume    = {abs/1703.06870},
  year      = {2017},
  url       = {http://arxiv.org/abs/1703.06870},
  archivePrefix = {arXiv},
  eprint    = {1703.06870},
  timestamp = {Wed, 07 Jun 2017 14:42:32 +0200},
  biburl    = {https://dblp.org/rec/bib/journals/corr/HeGDG17},
  bibsource = {dblp computer science bibliography, https://dblp.org}
}

###############################################################
%RNN



@other{Christopher_Olah_Blog,
	author = {Christopher Olah},
	title = {Understanding LSTMs},
	url = {http://colah.github.io/posts/2015-08-Understanding-LSTMs/}
	year = {2015}
}

%###############################################################
%Bayesian Optimisation

@other{Marc_Deisenroth_Notes,
	author = {Marc Deisenroth},
	title = {Gaussian Processes and Bayesian Optimisation},
	year = {2018}
}

@article{SrinivasNiranjan2010GPOi,
	publisher = {Omnipress},
	year = {2010},
	title = {Gaussian Process Optimization in the Bandit Setting: No Regret and Experimental Design},
	language = {eng},
	author = {Srinivas, Niranjan and Krause, Andreas and Kakade, Sham and Seeger, Matthias},
}

%##############################################
%WORLD to Camera Stuff

@online{opencv_camera_article,
	author = {OpenCV docs},
	title = {Images},
	year = {2012},
	url = {https://docs.opencv.org/2.4/modules/calib3d/doc/camera_calibration_and_3d_reconstruction.html},
	urldate = {2018-08-08}
}

###############################################################
SLAM


@article{Okvis_1,
author = {Stefan Leutenegger and Simon Lynen and Michael Bosse and Roland Siegwart and Paul Furgale},
title ={Keyframe-based visualâ€“inertial odometry using nonlinear optimization},
journal = {The International Journal of Robotics Research},
volume = {34},
number = {3},
pages = {314-334},
year = {2015}
}

@article{F_Durr_1,
author = {F. Durrant-Whyte, Hugh},
year = {1988},
month = {03},
pages = {23 - 31},
title = {Uncertain geometry in robotics},
volume = {4},
booktitle = {Robotics and Automation, IEEE Journal of}
}

@article{F_Durr_Pt1,
author = {Bailey, Tim and Durrant-Whyte, Hugh},
year = {2006},
month = {10},
title = {Simultaneous localization and mapping (SLAM): Part I},
booktitle = {Robotics & Automation Magazine, IEEE}
}

@article{F_Durr_Pt2,
author = {Bailey, Tim and Durrant-Whyte, Hugh},
year = {2006},
month = {10},
pages = {108 - 117},
title = {Simultaneous localization and mapping (SLAM): Part II},
volume = {13},
booktitle = {Robotics & Automation Magazine, IEEE}
}

@article{Furgale,
author = {Furgale, Paul},
year = {2011},
month = {01},
pages = {},
title = {Extensions to the Visual Odometry Pipeline for the Exploration of Planetary Surfaces}
}

@INPROCEEDINGS{BRISK, 
author={S. Leutenegger and M. Chli and R. Y. Siegwart}, 
booktitle={2011 International Conference on Computer Vision}, 
title={BRISK: Binary Robust invariant scalable keypoints}, 
year={2011}, 
volume={}, 
number={}, 
pages={2548-2555},
ISSN={1550-5499}, 
month={Nov}}

@online{opencv_harris_article,
	author = {OpenCV docs},
	title = {Images},
	year = {2012},
	url = {http://opencv-python-tutroals.readthedocs.io/en/latest/py_tutorials/py_feature2d/py_features_harris/py_features_harris.html},
	urldate = {2018-08-08}
}

############################################################
Pedestrian Tracking

@article{Ped_tract,
author = {Lie Guo and Linhui Li and Yibing Zhao and Zongyan Zhao},
title ={Pedestrian Tracking Based on Camshift with Kalman Prediction for Autonomous Vehicles},
journal = {International Journal of Advanced Robotic Systems},
volume = {13},
number = {3},
pages = {120},
year = {2016},
doi = {10.5772/62758}
}


@MISC{Bradski98computervision,
    author = {Gary R. Bradski},
    title = {Computer Vision Face Tracking For Use in a Perceptual User Interface},
    year = {1998}
}
##################################################
Tracking - Not background

@ARTICLE{kcf, 
	author={J. F. Henriques and R. Caseiro and P. Martins and J. Batista}, 
	journal={IEEE Transactions on Pattern Analysis and Machine Intelligence}, 
	title={High-Speed Tracking with Kernelized Correlation Filters}, 
	year={2015}, 
	volume={37}, 
	number={3}, 
	pages={583-596},
	month={March}}


###########################################
Model

@article{DBLP:journals/corr/KingmaB14,
	author    = {Diederik P. Kingma and
	Jimmy Ba},
	title     = {Adam: {A} Method for Stochastic Optimization},
	journal   = {CoRR},
	volume    = {abs/1412.6980},
	year      = {2014},
	url       = {http://arxiv.org/abs/1412.6980},
	archivePrefix = {arXiv},
	eprint    = {1412.6980},
	timestamp = {Mon, 13 Aug 2018 16:47:35 +0200},
	biburl    = {https://dblp.org/rec/bib/journals/corr/KingmaB14},
	bibsource = {dblp computer science bibliography, https://dblp.org}
}